<record><leader>00000cas a22000007a 4500</leader><controlfield tag="001">9632747</controlfield><controlfield tag="008">830622d19021921ohudn ne      0    0eng d</controlfield><datafield ind1=" " ind2=" " tag="010"><subfield code="a">sn 83035247 </subfield></datafield><datafield ind1=" " ind2=" " tag="040"><subfield code="a">NPY</subfield><subfield code="b">eng</subfield><subfield code="c">NPY</subfield><subfield code="d">NPX</subfield><subfield code="d">ONP</subfield><subfield code="d">OCLCQ</subfield></datafield><datafield ind1=" " ind2=" " tag="042"><subfield code="a">msc</subfield></datafield><datafield ind1="0" ind2="0" tag="245"><subfield code="a">Geneva free press-times.</subfield></datafield><datafield ind1="1" ind2="3" tag="246"><subfield code="a">Geneva free press</subfield></datafield><datafield ind1=" " ind2=" " tag="260"><subfield code="a">Geneva, O.[Ohio] :</subfield><subfield code="b">J.D. Field &amp; Bro.,</subfield><subfield code="c">1902-1921.</subfield></datafield><datafield ind1=" " ind2=" " tag="300"><subfield code="a">v. :</subfield><subfield code="b">ill. ;</subfield><subfield code="c">57 cm.</subfield></datafield><datafield ind1=" " ind2=" " tag="310"><subfield code="a">Daily (except Sun.)</subfield></datafield><datafield ind1="1" ind2=" " tag="362"><subfield code="a">Began with Dec. 26, 1902 issue.</subfield></datafield><datafield ind1="0" ind2=" " tag="362"><subfield code="a">3rd year, no. 39 (Dec. 26, 1902)- ; v. 21, no. 20 (Jan. 25, 1921).</subfield></datafield><datafield ind1=" " ind2=" " tag="752"><subfield code="a">United States</subfield><subfield code="b">Ohio</subfield><subfield code="c">Ashtabula</subfield><subfield code="d">Geneva.</subfield></datafield><datafield ind1="0" ind2="4" tag="780"><subfield code="t">Daily free press (Geneva, Ohio : 1900)</subfield><subfield code="w">(DLC)sn 83035250</subfield></datafield><datafield ind1="0" ind2="4" tag="780"><subfield code="t">Geneva times (Geneva, Ohio)</subfield><subfield code="w">(DLC)sn 83035246</subfield></datafield><datafield ind1="0" ind2="0" tag="785"><subfield code="t">Geneva free press (Geneva, Ohio : 1921)</subfield><subfield code="w">(DLC)sn 83035248</subfield></datafield></record>